<?xml version="1.0" encoding="UTF-8"?>
<marc:collection xmlns:marc="http://www.loc.gov/MARC21/slim" xmlns:xsi="http://www.w3.org/2001/XMLSchema-instance" xsi:schemaLocation="http://www.loc.gov/MARC21/slim http://www.loc.gov/standards/marcxml/schema/MARC21slim.xsd">
   <marc:record type="Bibliographic">
      <marc:leader>01302cam a2200325 a 4500</marc:leader>
      <marc:controlfield tag="001">435862</marc:controlfield>
      <marc:controlfield tag="003">NjP</marc:controlfield>
      <marc:controlfield tag="005">20140204100302.0</marc:controlfield>
      <marc:controlfield tag="008">880330q19801987ir            000 0 ara d</marc:controlfield>
      <marc:datafield tag="024" ind1="7" ind2=" ">
         <marc:subfield code="a">princeton_aco000840</marc:subfield>
         <marc:subfield code="2">local</marc:subfield>
      </marc:datafield>
      <marc:datafield tag="035" ind1=" " ind2=" ">
         <marc:subfield code="a">(OCoLC)ocn175931051</marc:subfield>
      </marc:datafield>
      <marc:datafield tag="035" ind1=" " ind2=" ">
         <marc:subfield code="a">(OCoLC)25296578</marc:subfield>
      </marc:datafield>
      <marc:datafield tag="040" ind1=" " ind2=" ">
         <marc:subfield code="a">NjP</marc:subfield>
         <marc:subfield code="c">PUL</marc:subfield>
         <marc:subfield code="d">PUL</marc:subfield>
      </marc:datafield>
      <marc:datafield tag="035" ind1=" " ind2=" ">
         <marc:subfield code="a">(OCoLC)175931051</marc:subfield>
      </marc:datafield>
      <marc:datafield tag="035" ind1=" " ind2=" ">
         <marc:subfield code="a">(CStRLIN)NJPG88-B17229</marc:subfield>
      </marc:datafield>
      <marc:datafield tag="035" ind1=" " ind2=" ">
         <marc:subfield code="9">ACB1468TS</marc:subfield>
      </marc:datafield>
      <marc:datafield tag="035" ind1=" " ind2=" ">
         <marc:subfield code="a">(NjP)435862</marc:subfield>
      </marc:datafield>
      <marc:datafield tag="079" ind1=" " ind2=" ">
         <marc:subfield code="a">ocm25296578</marc:subfield>
      </marc:datafield>
      <marc:datafield tag="049" ind1=" " ind2=" ">
         <marc:subfield code="a">PULL</marc:subfield>
      </marc:datafield>
      <marc:datafield tag="100" ind1="1" ind2=" ">
         <marc:subfield code="6">880-01</marc:subfield>
         <marc:subfield code="a">Ibn Shahrāshūb, Muḥammad ibn ʻAlī,</marc:subfield>
         <marc:subfield code="d">-1192.</marc:subfield>
      </marc:datafield>
      <marc:datafield tag="245" ind1="1" ind2="0">
         <marc:subfield code="6">880-02</marc:subfield>
         <marc:subfield code="a">Mutashābih al-Qurʼān wa-mukhtalifuh /</marc:subfield>
         <marc:subfield code="c">taʼlīf Abū Jaʻfar Muḥammad ibn ʻAlī ibn Shahrāshūb al-Māzandarānī.</marc:subfield>
      </marc:datafield>
      <marc:datafield tag="260" ind1=" " ind2=" ">
         <marc:subfield code="6">880-03</marc:subfield>
         <marc:subfield code="a">[Tehran?] :</marc:subfield>
         <marc:subfield code="b">Intishārāt Bīdār,</marc:subfield>
         <marc:subfield code="c">[198-?]</marc:subfield>
      </marc:datafield>
      <marc:datafield tag="300" ind1=" " ind2=" ">
         <marc:subfield code="a">8, 261, 343 p. ;</marc:subfield>
         <marc:subfield code="c">25 cm.</marc:subfield>
      </marc:datafield>
      <marc:datafield tag="630" ind1="0" ind2="0">
         <marc:subfield code="a">Qurʼan</marc:subfield>
         <marc:subfield code="x">Commentaries.</marc:subfield>
      </marc:datafield>
      <marc:datafield tag="880" ind1="1" ind2=" ">
         <marc:subfield code="6">100-01/r</marc:subfield>
         <marc:subfield code="a">ابن شهراشوب، محمد بن علي،</marc:subfield>
         <marc:subfield code="d">d. 1192.</marc:subfield>
      </marc:datafield>
      <marc:datafield tag="880" ind1="1" ind2="0">
         <marc:subfield code="6">245-02/r</marc:subfield>
         <marc:subfield code="a">متشابه القرآن ومختلفه /</marc:subfield>
         <marc:subfield code="c">تأليف ابو جعفر محمد بن علي بن شهراشوب المازندراني.</marc:subfield>
      </marc:datafield>
      <marc:datafield tag="880" ind1=" " ind2=" ">
         <marc:subfield code="6">260-03/r</marc:subfield>
         <marc:subfield code="a">[طهران؟] :</marc:subfield>
         <marc:subfield code="b">انتشارات بيدار،</marc:subfield>
         <marc:subfield code="c">[198-؟]</marc:subfield>
      </marc:datafield>
      <marc:datafield tag="998" ind1=" " ind2=" ">
         <marc:subfield code="a">09/21/93</marc:subfield>
         <marc:subfield code="s">9118</marc:subfield>
         <marc:subfield code="n">NjP</marc:subfield>
         <marc:subfield code="w">NJPG88B17229</marc:subfield>
         <marc:subfield code="d">03/30/88</marc:subfield>
         <marc:subfield code="c">JEB</marc:subfield>
         <marc:subfield code="b">JAB</marc:subfield>
         <marc:subfield code="i">930921</marc:subfield>
         <marc:subfield code="l">NJPG</marc:subfield>
      </marc:datafield>
      <marc:datafield tag="911" ind1=" " ind2=" ">
         <marc:subfield code="a">19930930</marc:subfield>
      </marc:datafield>
      <marc:datafield tag="912" ind1=" " ind2=" ">
         <marc:subfield code="a">19930921000000.0</marc:subfield>
      </marc:datafield>
      <marc:datafield tag="994" ind1=" " ind2=" ">
         <marc:subfield code="a">C0</marc:subfield>
         <marc:subfield code="b">PUL</marc:subfield>
      </marc:datafield>
      <marc:datafield tag="999" ind1=" " ind2=" ">
         <marc:subfield code="a">435862</marc:subfield>
      </marc:datafield>
   </marc:record>
</marc:collection>
